@Misc{scipy,
  author =    {Eric Jones and Travis Oliphant and Pearu Peterson and others},
  title =     {{SciPy}: Open source scientific tools for {Python}},
  urldate = {2019-02-22},
  url = "http://www.scipy.org/",
  note = {[Online; accessed <today>]}
}
@book{numpy,
  author = {Oliphant, Travis E.},
  title = {Guide to NumPy},
  year = {2015},
  isbn = {151730007X, 9781517300074},
  edition = {2nd},
  publisher = {CreateSpace Independent Publishing Platform},
  address = {USA},
} 
@InProceedings{pandas,
  author    = { Wes McKinney },
  title     = { Data Structures for Statistical Computing in Python },
  booktitle = { Proceedings of the 9th Python in Science Conference },
  pages     = { 51 - 56 },
  year      = { 2010 },
  editor    = { St\'efan van der Walt and Jarrod Millman }
}
@inproceedings{statsmodels,
  title={Statsmodels: Econometric and statistical modeling with python},
  author={Seabold, Skipper and Perktold, Josef},
  booktitle={9th Python in Science Conference},
  year={2010},
}
@Misc{shapely,
  author =    {Sean Gillies and others},
  organization = {toblerity.org},
  title =     {Shapely: manipulation and analysis of geometric objects},
  year =      {2007--},
  url = "https://github.com/Toblerity/Shapely"
}

@article{matplotlib,
	title = {Matplotlib: {A} 2D {Graphics} {Environment}},
	volume = {9},
	issn = {1521-9615},
	shorttitle = {Matplotlib},
	doi = {10.1109/MCSE.2007.55},
	abstract = {Matplotlib is a 2D graphics package used for Python for application development, interactive scripting,and publication-quality image generation across user interfaces and operating systems},
	number = {3},
	journal = {Computing in Science Engineering},
	author = {Hunter, J. D.},
	month = may,
	year = {2007},
	keywords = {2D graphics package, application development, computer graphics, Computer languages, Equations, Graphical user interfaces, Graphics, Image generation, interactive scripting, Interpolation, mathematics computing, Matplotlib, object-oriented programming, operating system, Operating systems, Packaging, Programming profession, publication-quality image generation, Python, scientific programming, scripting languages, software packages, user interface, User interfaces},
	pages = {90--95},
	file = {IEEE Xplore Abstract Record:/home/drew/Zotero/storage/DU2TCGIL/4160265.html:text/html;IEEE Xplore Full Text PDF:/home/drew/Zotero/storage/VX4JMIX8/Hunter - 2007 - Matplotlib A 2D Graphics Environment.pdf:application/pdf}
}

@article{scikit-learn,
	title = {Scikit-learn: {Machine} {Learning} in {Python}},
	abstract = {Scikit-learn is a Python module integrating a wide range of state-of-the-art machine learning algorithms for medium-scale supervised and unsupervised problems. This package focuses on bringing machine learning to non-specialists using a general-purpose high-level language. Emphasis is put on ease of use, performance, documentation, and API consistency. It has minimal dependencies and is distributed under the simpliﬁed BSD license, encouraging its use in both academic and commercial settings. Source code, binaries, and documentation can be downloaded from http://scikit-learn.sourceforge.net.},
	language = {en},
	journal = {MACHINE LEARNING IN PYTHON},
	author = {Pedregosa, Fabian and Varoquaux, Gael and Gramfort, Alexandre and Michel, Vincent and Thirion, Bertrand and Grisel, Olivier and Blondel, Mathieu and Prettenhofer, Peter and Weiss, Ron and Dubourg, Vincent and Vanderplas, Jake and Passos, Alexandre and Cournapeau, David},
	pages = {6},
	file = {Pedregosa et al. - Scikit-learn Machine Learning in Python.pdf:/home/drew/Zotero/storage/22XK2HPA/Pedregosa et al. - Scikit-learn Machine Learning in Python.pdf:application/pdf}
}

@misc{pyvcf,
  title = {{PyVCF} - {A} {Variant} {Call} {Format} {Parser} for {Python} — {PyVCF} 0.6.8 documentation},
  url = {https://pyvcf.readthedocs.io/en/latest/index.html},
  urldate = {2019-02-23},
  file = {PyVCF - A Variant Call Format Parser for Python — PyVCF 0.6.8 documentation:/home/drew/Zotero/storage/LLJU8U74/index.html:text/html}
}

@misc{bitarray,
  title = {efficient arrays of booleans for {Python}. {Contribute} to ilanschnell/bitarray development by creating an account on {GitHub}},
  copyright = {View license},
  url = {https://github.com/ilanschnell/bitarray},
  urldate = {2019-02-23},
  author = {Schnell, Ilan},
  month = feb,
  year = {2019},
  note = {original-date: 2011-01-20T03:20:11Z}
}

